@book{begg2002database,
  title={Database Systems: A Practical Approach to Design, Implementation, and Management},
  author={Begg, C. and Connolly, T.},
  year={2002},
  publisher={Addison-Wesley.}
}
@book{belo,
  title={Bases de Dados Relacionais - Implementação com MySQL},
  author={Belo, O.},
  year={2021},
  publisher={FCA}
}
@article{chen,
author = {Chen, P},
title = {The Entity-Relationship Model—toward a Unified View of Data},
year = {1976},
journal = {ACM Trans. Database Syst.}
}
